
% CONFERENCE PROCEEDINGS

@CONFERENCE{lomonosov19,
  author = {Царегородцев, К. Д.},
  title = {О взаимно-однозначном соответствии между правильными семействами булевых функций и реберных ориентаций с единственным стоком на булевых кубах},
  booktitle = {Материалы XXVI Международной конференции студентов, аспирантов и молодых учёных «Ломоносов»},
  year = {2019},
  language = {russian},
  authorconf = {true},
}

@CONFERENCE{ctcrypt21,
  author = {Tsaregorodtsev, K. D.},
  title = {Format-Preserving Encryption: a Survey},
  booktitle = {10th Workshop on Current Trends in Cryptology (CTCrypt 2021)},
  year = {2021},
  language = {english},
  authorconf = {true},
}

@CONFERENCE{ctcrypt22,
  author = {Galatenko, A.V. and Nosov, V.A. and Pankratiev, A.E. and Tsaregorodtsev, K. D.},
  title = {Proper families of functions and their applications},
  booktitle = {11th Workshop on Current Trends in Cryptology (CTCrypt 2022)},
  year = {2022},
  language = {english},
  authorconf = {true},
}

@CONFERENCE{dmapp22,
  title={О мощности образа правильных семейств булевых функций},
  author={Галатенко, А.В. and Носов, В.А. and Панкратьев, А.Е. and Царегородцев, К.Д.},
  booktitle={Дискретная математика и ее приложения},
  volume={14},
  pages={251--254},
  year={2022},
  language={russian},
  authorconf={true}
}

@CONFERENCE{krasnovidovo23,
  title={Критерии правильности семейства функций},
  author={Галатенко, А.В. and Носов, В.А. and Панкратьев, А.Е. and Царегородцев, К.Д.},
  booktitle = {Труды XI Международной конференции <<Дискретные модели в теории управляющих систем>>},
  pages={33--36},
  year={2023},
  language = {russian},
  authorconf = {true}
}

@CONFERENCE{armenia23,
  title={Proper families of functions and fixed point networks},
  author={Galatenko, A.V. and Pankratiev, A.E. and Tsaregorodtsev, K. D.},
  booktitle = {Third International Conference ``Mathematics in Armenia: Advances and Perspectives''},
  pages={31--32},
  year={2023},
  language = {english},
  authorconf = {true}
}

@CONFERENCE{sozvezdie24,
  title={О соответствии между правильными семействами и кликами в обобщенных графах Келлера},
  author={Царегородцев, К.Д.},
  booktitle={Тезисы докладов международной конференции <<Математика в созвездии наук>>},
  pages={293--295},
  year={2024},
  language = {russian},
  authorconf = {true}
}

@CONFERENCE{sozvezdie24_2,
  title={О порождении $n$-квазигрупп с помощью правильных семейств функций},
  author={Галатенко, А.В. and Носов, В.А. and Панкратьев, А.Е. and Царегородцев, К.Д.},
  booktitle={Тезисы докладов международной конференции <<Математика в созвездии наук>>},
  pages={313--315},
  year={2024},
  language = {russian},
  authorconf = {true}
}

@CONFERENCE{kazan24,
  title={О сложности проверки правильности семейств},
  author={Царегородцев, К.Д.},
  booktitle={Материалы международной конференции <<Алгебра и математическая логика: теория и приложения>>},
  pages={219--221},
  year={2024},
  language = {russian},
  authorconf = {true}
}

@CONFERENCE{msu24,
  title = {О некоторых новых классах правильных семейств},
  author = {Галатенко, А.В. and Носов, В.А. and Панкратьев, А.Е. and Царегородцев, К.Д.},
  booktitle = {XX Международная научная конференция "Проблемы теоретической кибернетики"},
  pages = {},
  year = {2024},
  language = {russian},
  authorconf = {true}
}
