% CONFERENCE PROCEEDINGS

@CONFERENCE{lomonosov19,
  author = {Царегородцев, К. Д.},
  title = {О взаимно-однозначном соответствии между правильными семействами булевых функций и реберных ориентаций с единственным стоком на булевых кубах},
  booktitle = {Материалы XXVI Международной конференции студентов, аспирантов и молодых учёных «Ломоносов»},
  year = {2019},
  language = {russian},
  authorconf = {true},
}

@CONFERENCE{ctcrypt21,
  author = {Tsaregorodtsev, K. D.},
  title = {Format-Preserving Encryption: a Survey},
  booktitle = {10th Workshop on Current Trends in Cryptology (CTCrypt 2021)},
  year = {2021},
  language = {english},
  authorconf = {true},
}

@CONFERENCE{ctcrypt22,
  author = {Galatenko, A.V. and Nosov, V.A. and Pankratiev, A.E. and Tsaregorodtsev, K. D.},
  title = {Proper families of functions and their applications},
  booktitle = {11th Workshop on Current Trends in Cryptology (CTCrypt 2022)},
  year = {2022},
  language = {english},
  authorconf = {true},
}

@CONFERENCE{dmapp22,
  title={О мощности образа правильных семейств булевых функций},
  author={Галатенко, А.В. and Носов, В.А. and Панкратьев, А.Е. and Царегородцев, К.Д.},
  booktitle={Дискретная математика и ее приложения},
  volume={14},
  pages={251--254},
  year={2022},
  language={russian},
  authorconf={true}
}

@CONFERENCE{krasnovidovo23,
  title={Критерии правильности семейства функций},
  author={Галатенко, А.В. and Носов, В.А. and Панкратьев, А.Е. and Царегородцев, К.Д.},
  booktitle = {Труды XI Международной конференции <<Дискретные модели в теории управляющих систем>>},
  pages={33--36},
  year={2023},
  language = {russian},
  authorconf = {true}
}

@CONFERENCE{armenia23,
  title={Proper families of functions and fixed point networks},
  author={Galatenko, A.V. and Pankratiev, A.E. and Tsaregorodtsev, K. D.},
  booktitle = {Third International Conference ``Mathematics in Armenia: Advances and Perspectives''},
  pages={31--32},
  year={2023},
  language = {english},
  authorconf = {true}
}

@CONFERENCE{sibecrypt23,
  title={Об одном квазигрупповом алгоритме шифрования, сохраняющего формат},
  author={Царегородцев, К.Д.},
  booktitle={Прикладная дискретная математика. Приложение},
  volume={16},
  pages={102--104},
  year={2023},
  language = {russian},
  authorconf = {true}
}

@CONFERENCE{sozvezdie24,
  title={О соответствии между правильными семействами и кликами в обобщенных графах Келлера},
  author={Царегородцев, К.Д.},
  booktitle={Тезисы докладов международной конференции <<Математика в созвездии наук>>},
  pages={293--295},
  year={2024},
  language = {russian},
  authorconf = {true}
}

@CONFERENCE{sozvezdie24_2,
  title={О порождении $n$-квазигрупп с помощью правильных семейств функций},
  author={Галатенко, А.В. and Носов, В.А. and Панкратьев, А.Е. and Царегородцев, К.Д.},
  booktitle={Тезисы докладов международной конференции <<Математика в созвездии наук>>},
  pages={313--315},
  year={2024},
  language = {russian},
  authorconf = {true}
}

@CONFERENCE{kazan24,
  title={О сложности проверки правильности семейств},
  author={Царегородцев, К.Д.},
  booktitle={Материалы международной конференции <<Алгебра и математическая логика: теория и приложения>>},
  pages={219--221},
  year={2024},
  language = {russian},
  authorconf = {true}
}



% articles

@ARTICLE{pdm20,
  author = {Царегородцев, К. Д.},
  title = {О взаимно однозначном соответствии между правильными семействами булевых функций и рёберными ориентациями булевых кубов},
  journal = {Прикладная дискретная математика},
  year = {2020},
  volume = {48},
  pages = {16--21},
  language = {russian},
  authorvak = {true},
  authorwos = {true},
  authorscopus = {true},
  addendum = {(Scopus, WoS)}
}

@ARTICLE{intsys20,
  author = {Царегородцев, К.Д.},
  title = {О соответствии между правильными семействами и реберными ориентациями булевых кубов},
  journal = {Интеллектуальные системы. Теория и приложения},
  year = {2020},
  volume = {24},
  number = {1},
  pages = {97--100},
  language = {russian},
  authorvak = {true}
}

@ARTICLE{dm21,
  author = {Царегородцев, К.Д.},
  title = {О свойствах правильных семейств булевых функций},
  journal = {Дискретная математика},
  year = {2021},
  volume = {33},
  number = {1},
  pages = {91--102},
  language = {russian},
  authorvak = {true},
  authorscopus = {true}
}

@ARTICLE{fpe22,
  title={Format-preserving encryption: a survey},
  author={Tsaregorodtsev, K.D.},
  journal={Математические вопросы криптографии},
  volume={13},
  number={2},
  pages={133--153},
  year={2022},
  language = {english},
  authorvak = {true},
  authorscopus = {true},
  addendum = {(RSCI WoS)}
}

@ARTICLE{galatenko2023proper,
  title={Proper families of functions and their applications},
  author={Galatenko, A. V. and Nosov, V. A. and Pankratiev, A. E. and Tsaregorodtsev, K. D.},
  journal={Математические вопросы криптографии},
  volume={14},
  number={2},
  pages={43--58},
  year={2023},
  publisher={Математический институт им. ВА Стеклова Российской академии наук},
  language = {english},
  authorvak = {true},
  authorscopus = {true},
  addendum = {(RSCI WoS)}
}

@ARTICLE{galatenko23,
  title={О порождении $n$-квазигрупп с помощью правильных семейств функций},
  author={Галатенко, А.В. and Носов, В.А. and Панкратьев, А.Е. and Царегородцев, К.Д.},
  journal={Дискретная математика},
  volume={35},
  number={1},
  pages={35--53},
  year={2023},
  language = {russian},
  authorvak = {true},
  authorscopus = {true}
}

@ARTICLE{fpm23,
  title={Об одном критерии правильности семейства функций},
  author={Галатенко, А.В. and Панкратьев, А.Е. and Царегородцев, К.Д.},
  journal={Фундаментальная и прикладная математика},
  volume={24},
  number={4},
  pages={61--73},
  year={2023},
  language = {russian},
  authorvak = {true},
  authorscopus = {true}
}
