% Обзоры по квазигруппам

@BOOK{keedwell,
  author    = {Denes, J. and Keedwell, A.},
  title     = {Latin squares and their applications},
  edition   = {2nd edition},
  publisher = {North Holland},
  year      = {2015},
  editor    = {Elsevier~Science},
  numpages  = {428},
  language  = {english}
}

@BOOK{belousov,
  author    = {Белоусов, В.Д.},
  title     = {Основы теории квазигрупп и луп},
  publisher = {Наука},
  address   = {М.},
  year      = {1967},
  language  = {russian}
}

@article{galkin88,
  title={Квазигруппы},
  author={Галкин, Владимир Михайлович},
  journal={Итоги науки и техники. Серия {\guillemotleft}Алгебра. Топология. Геометрия{\guillemotright}},
  volume={26},
  number={0},
  pages={3--44},
  year={1988},
  publisher={ВИНИТИ РАН--Всероссийский институт научной и технической информации РАН},
  language = {russian}
}

% general cryptographic reviews 

@article{glukhov,
  author  = {Глухов, М.М.},
  title   = {О применениях квазигрупп в криптографии},
  journal = {Прикладная дискретная математика},
  year    = {2008},
  number  = {2 (2)},
  pages   = {28--32},
  language = {russian}
}

@article{tuzhilin2012,
  author  = {Тужилин, М. Э.},
  title   = {Латинские квадраты и их применение в криптографии},
  journal = {Прикладная дискретная математика},
  volume = {17},
  number  = {3 (17)},
  pages   = {47--52},
  year    = {2012},
  language = {russian}
}

@BOOK{shcherbacov2017elements,
  title={Elements of Quasigroup Theory and Applications},
  author={Shcherbacov, V.},
  year={2017},
  publisher={Chapman and Hall/CRC},
  language = {english}
}

@article{chauhan2021quasigroups,
  title={Quasigroups and their applications in cryptography},
  author={Chauhan, Dimpy and Gupta, Indivar and Verma, Rashmi},
  journal={Cryptologia},
  volume={45},
  number={3},
  pages={227--265},
  year={2021},
  publisher={Taylor \& Francis}
}

@MASTERSTHESIS{shvaryov24,
  author   = {Шварёв, А. С.},
  title    = {Криптоанализ и совершенствование квазигрупповых алгоритмов шифрования},
  school   = {МГУ имени М.В. Ломоносова, Казахстанский филиал},
  year     = {2024},
  note     = {выпускная квалификационная (бакалаврская) работа},
  language = {russian}
}


% ГОСТ Р 7.0.11-2011, Приложение Б, Статьи



%%%%%%%%%% VARIOUS QUASIGROUP PROPERTIES %%%%%%%%%%%%%%%%%%%
% ________________ASSOCIATIVITY INDEX_______________________

@article{kepka1980note,
  author    = {Kepka, T.},
  title     = {A note on associative triples of elements in cancellation groupoids},
  journal   = {Commentationes Mathematicae Universitatis Carolinae},
  volume    = {21},
  number    = {3},
  pages     = {479--487},
  year      = {1980},
  publisher = {Charles University in Prague},
  language  = {english}
}

@article{kepka1981notes,
  title    = {Notes on associative triples of elements in commutative groupoids},
  author   = {Kepka, T.},
  journal  = {Acta Universitatis Carolinae. Mathematica et Physica},
  volume   = {22},
  number   = {2},
  pages    = {39--47},
  year     = {1981},
  publisher= {Charles University in Prague},
  language = {english}
}

@article{drapal1981note,
  title    = {A note on the number of associative triples in quasigroups isotopic to groups},
  author   = {Dr{\'a}pal, A. and Kepka, T.},
  journal  = {Commentationes Mathematicae Universitatis Carolinae},
  volume   = {22},
  number   = {4},
  pages    = {735--743},
  year     = {1981},
  publisher= {Charles University in Prague},
  language = {english}
}

@article{drapal1983quasigroups,
  title    = {On quasigroups rich in associative triples},
  author   = {Dr{\'a}pal, A.},
  journal  = {Discrete Mathematics},
  volume   = {44},
  number   = {3},
  pages    = {251--265},
  year     = {1983},
  publisher= {Elsevier},
  language = {english}
}

@article{kotzig83,
  title    = {Associativity index of finite quasigroups},
  author   = {Kotzig, A. and Reischer, C.},
  journal  = {Glasnik Matematicki Series III},
  volume   = {18},
  number = {38},
  pages    = {243--253},
  year     = {1983},
  publisher = {Croatian Mathematical Society},
  language = {english}
}

@article{ass_summary,
  title    = {Notes on the number of associative triples},
  author   = {Je{\v{z}}ek, J. and Kepka, T.},
  journal  = {Acta Universitatis Carolinae. Mathematica et Physica},
  volume   = {31},
  number   = {1},
  pages    = {15--19},
  year     = {1990},
  publisher= {Charles University in Prague},
  language = {english}
}

@article{groek11,
  title    = {On quasigroups with few associative triples},
  author   = {Gro{\v{s}}ek, O. and Hor{\'a}k, P.},
  journal  = {Designs, Codes and Cryptography},
  volume   = {64},
  number   = {1-2},
  pages    = {221--227},
  year     = {2012},
  publisher= {Springer},
  language = {english}
}

% __________VALENT WORKS____________

@MASTERSTHESIS{valent16,
  author   = {Valent, V.},
  title    = {Quasigroups with few associative triples},
  school   = {Univerzita Karlova{,} Matematicko-fyzik{\'a}ln{\'\i} fakulta},
  year     = {2016},
  note     = {Bachelor thesis},
  language = {english}
}

@article{valent18few,
  title    = {Few associative triples, isotopisms and groups},
  author   = {Dr{\'a}pal, A. and Valent, V.},
  journal  = {Designs, Codes and Cryptography},
  volume   = {86},
  number   = {3},
  pages    = {555--568},
  year     = {2018},
  publisher={Springer},
  language = {english}
}

@MASTERSTHESIS{valent2018small,
  author   = {Valent, V.},
  title    = {Small order quasigroups with minimum number of associative triples},
  school   = {Univerzita Karlova, Matematicko-fyzik{\'a}ln{\'i} fakulta},
  year     = {2018},
  language = {english}
}

@article{drapal2019high,
  title    = {High nonassociativity in order 8 and an associative index estimate},
  author   = {Dr{\'a}pal, A. and Valent, V.},
  journal  = {Journal of Combinatorial Designs},
  volume   = {27},
  number   = {4},
  pages    = {205--228},
  year     = {2019},
  publisher= {Wiley Online Library},
  language = {english}
}

@article{drapal2020extreme,
  title    = {Extreme nonassociativity in order nine and beyond},
  author   = {Dr{\'a}pal, A. and Valent, V.},
  journal  = {Journal of Combinatorial Designs},
  volume   = {28},
  number   = {1},
  pages    = {33--48},
  year     = {2020},
  publisher= {Wiley Online Library},
  language = {english}
}

% ____________INEQUALITIES____________

@article{batikova2020inequalities,
  title    = {Inequalities of DVT-type--the one-dimensional case},
  author   = {Bat{\i}kov{\'a}, B. and Kepka, T. and N{\v{e}}mec, P.},
  journal  = {Commentationes Mathematicae Universitatis Carolinae},
  volume   = {61},
  number   = {4},
  pages    = {411--426},
  year     = {2020},
  language = {english}
}

@article{kepka2020note,
  title    = {A note on one inequality of Dr{\'a}pal--Valent type},
  author   = {Kepka, T. and N{\v{e}}mec, P.},
  journal  = {Journal of Combinatorial Designs},
  volume   = {28},
  number   = {2},
  pages    = {141--143},
  year     = {2020},
  publisher= {Wiley Online Library},
  language = {english}
}

% ___________FIELDS and NEARFIELDS_____________
@article{drapal2019ortho,
  author   = {Dr{\'a}pal, A. and Wanless, I.},
  title    = {Maximally nonassociative quasigroups via quadratic orthomorphisms},
  journal  = {Algebraic Combinatorics},
  pages    = {501--515},
  volume   = {4}, 
  number   = {3},
  year     = {2021},
  language = {english}
}

@article{drapal19nearfield,
  title    = {Maximal nonassociativity via nearfields},
  author   = {Dr{\'a}pal, A. and Lison{\v{e}}k, P.},
  journal  = {Finite Fields and Their Applications},
  volume   = {62},
  year     = {2020},
  publisher= {Elsevier},
  language = {english}
}

@article{lisonvek20field,
  title    = {Maximal nonassociativity via fields},
  author   = {Lison{\v{e}}k, P.},
  journal  = {Designs, Codes and Cryptography},
  pages    = {2521--2530},
  volume = {88}, 
  number = {12},
  year     = {2020},
  publisher= {Springer},
  language = {english}
}

@article{drapal2020number,
  title    = {On the number of quadratic orthomorphisms that produce maximally nonassociative quasigroups},
  author   = {Dr{\'a}pal, A. and Wanless, I.},
  journal  = {arXiv preprint {arXiv:2005.11674}},
  year     = {2020},
  language = {english}
}

@article{drapal21,
  title    = {Nonassociative triples in involutory loops and in loops of small order},
  author   = {Dr{\'a}pal, A. and Hora, J.},
  journal  = {Commentationes Mathematicae Universitatis Carolinae},
  volume   = {60},
  number   = {4},
  pages    = {459--479},
  year     = {2020},
  language = {english}
}

% associativity tests

% Light associativity test
@book{clifford61,
  title     = {The {A}lgebraic {T}heory of {S}emigroups},
  author    = {Clifford, A. H. and Preston, G. B.},
  year      = {1961},
  publisher = {American Mathematical Soc.},
  volume = {7},
  number = {1},
  note      = {\url{https://www.ams.org/books/surv/007.1/}},
  language = {english}
}

@inproceedings{miller1978nlog,
  title={On the $n^{\log n}$ isomorphism technique (a preliminary report)},
  author={Miller, Gary L},
  booktitle={Proceedings of the tenth annual ACM symposium on theory of computing},
  pages={51--58},
  year={1978}
}

% randomized algorithm
@article{rajagopalan2000verification,
  title={Verification of identities},
  author={Rajagopalan, Sridhar and Schulman, Leonard J},
  journal={SIAM Journal on Computing},
  volume={29},
  number={4},
  pages={1155--1163},
  year={2000},
  publisher={SIAM},
  language = {english}
}

% quantum
@article{childs2010quantum,
  title={Quantum algorithms for algebraic problems},
  author={Childs, Andrew M and Van Dam, Wim},
  journal={Reviews of Modern Physics},
  volume={82},
  number={1},
  pages={1--52},
  year={2010},
  publisher={APS}
}


% _____________SUBQUASIGROUPS____________

@MASTERSTHESIS{toropov18,
  author   = {Торопов, Н. А.},
  title    = {Алгоритм проверки наличия подквазигрупп в квазигруппе},
  school   = {МГУ имени М.В. Ломоносова},
  year     = {2018},
  note     = {выпускная квалификационная (бакалаврская) работа},
  language = {russian}
}

@article{sobyanin19,
  title     = {Об алгоритме проверки наличия подквазигруппы в квазигруппе},
  author    = {Собянин, П. И.},
  journal   = {Интеллектуальные системы. Теория и приложения},
  volume    = {23},
  number    = {2},
  pages     = {79--84},
  year      = {2019},
  language  = {russian}
}

@article{galatenko21subquasi,
  title     = {Об одном алгоритме проверки существования подквазигрупп},
  author    = {Галатенко, А. В. and Панкратьев, А. Е. and Староверов, В. М.},
  journal   = {Чебышевский сборник},
  volume    = {22},
  number    = {2 (78)},
  pages     = {76--89},
  year      = {2021},
  language  = {russian}
}

@article{galatenko21nsubquasi,
  title={Эффективность проверки существования $n$-подквазигрупп},
  author={Галатенко, Алексей Владимирович and Панкратьев, Антон Евгеньевич and Староверов, Владимир Михайлович},
  journal={Интеллектуальные системы. Теория и приложения},
  volume={25},
  number={4},
  pages={104--107},
  year={2021}
}

@article{galatenko2022algorithms,
  title={Algorithms for checking some properties of n-quasigroups},
  author={Galatenko, AV and Pankratiev, AE and Staroverov, VM},
  journal={Programming and Computer Software},
  volume={48},
  number={1},
  pages={36--48},
  year={2022},
  publisher={Springer}
}

@MASTERSTHESIS{mazurin23,
  author   = {Мазурин, А. Д.},
  title    = {Алгоритмы проверки существования подквазигрупп в конечных квазигруппах},
  school   = {МГУ имени М.В. Ломоносова},
  year     = {2023},
  note     = {выпускная квалификационная (бакалаврская) работа},
  language = {russian}
}


% POLYCOMPLETENESS

@article{hagemann,
  title     = {Arithmetical locally equational classes and representation of partial functions},
  author    = {Hagemann, J. and Herrmann, C.},
  journal   = {Universal algebra},
  publisher = {Esztergom, Hungary},
  pages     = {345--360},
  year      = {1982},
  note      = {Proceedings of the Colloquium on Universal Algebra},
  language  = {english}
}

@article{nipkow1990unification,
  title={Unification in primal algebras, their powers and their varieties},
  author={Nipkow, Tobias},
  journal={Journal of the ACM (JACM)},
  volume={37},
  number={4},
  pages={742--776},
  year={1990},
  publisher={ACM New York, NY, USA}
}

@article{cameron92,
title = {Almost all quasigroups have rank 2},
journal = {Discrete Mathematics},
volume = {106-107},
pages = {111-115},
year = {1992},
issn = {0012-365X},
doi = {https://doi.org/10.1016/0012-365X(92)90537-P},
url = {https://www.sciencedirect.com/science/article/pii/0012365X9290537P},
author = {Peter J. Cameron},
abstract = {It is shown that, for almost all quasigroups Q, the multiplication group Mlt(Q) is symmetric or alternating.}
}

@article{salomaa63, 
  title={Some completeness criteria for sets of functions over a finite domainTurun Yliopisto, Turku1963, 19 pp.}, 
  author={Salomaa, A.}, 
  journal = {II. Annales Universitatis Turkuensis, Series A I},
  year={1963}, 
}

@article{horvath2008,
  title     = {An assertion concerning functionally complete algebras and NP-completeness},
  author    = {Horv{\'a}th, G. and Nehaniv, C. L. and Szab{\'o}, C.},
  journal   = {Theoretical computer science},
  volume    = {407},
  number    = {1-3},
  pages     = {591--595},
  year      = {2008},
  publisher = {Elsevier},
  language  = {english}
}

@article{artamonov2013latin,
  title     = {On Latin squares of polynomially complete quasigroups and quasigroups generated by shifts},
  author    = {Artamonov, V. and Chakrabarti, S. and Gangopadhyay, S. and Pal, S.},
  journal   = {Quasigroups and related systems},
  volume    = {21},
  number    = {2},
  pages     = {117--130},
  year      = {2013},
  language  = {english}
}

@article{artamonov2016characterization,
  title     = {Characterization of polynomially complete quasigroups based on Latin squares for cryptographic transformations},
  author    = {Artamonov, V. and Chakrabarti, S. and Pal, S.},
  journal   = {Discrete Applied Mathematics},
  volume    = {200},
  pages     = {5--17},
  year      = {2016},
  publisher = {Elsevier},
  language  = {english}
}

@MASTERSTHESIS{khalitova24,
  author   = {Халитова, Р. Б.},
  title    = {О некоторых свойствах квазигрупп в криптографических приложениях},
  school   = {МГУ имени М.В. Ломоносова},
  year     = {2024},
  note     = {выпускная квалификационная (дипломная) работа},
  language = {russian}
}

@article{artam,
  author  = {Artamonov, V. and Chakrabarti, S. and Pal, S.~K.},
  title   = {Characterizations of highly non-associative quasigroups and associative triples},
  journal = {Quasigroups and Related Systems},
  year    = {2017},
  volume  = {25},
  number = {1},
  pages   = {1--19},
  publisher = {Institute of Mathematics of the Moldovian Academy of Sciences},
  language = {english}
}

@article{artamonov18,
  title     = {Квазигруппы и их приложения},
  author    = {Артамонов, В. А.},
  journal   = {Чебышевский сборник},
  volume    = {19},
  number    = {2 (66)},
  year      = {2018},
  pages     = {111--122},
  language  = {russian}
}

@article{artamonov2021constructions,
  title={Constructions of polynomially complete quasigroups of arbitrary order},
  author={Artamonov, VA and Chakrabarti, S and Markov, VT and Pal, SK},
  journal={Journal of Algebra and Its Applications},
  volume={20},
  number={12},
  pages={2150236},
  year={2021},
  publisher={World Scientific},
  language = {english}
}

@article{galatenko16polycomp,
  title     = {О полиномиально полных квазигруппах простого порядка},
  author    = {Галатенко, А. В. and Панкратьев, А. Е. and Родин, С. Б.},
  journal   = {Интеллектуальные системы. Теория и приложения},
  volume    = {20},
  number    = {3},
  pages     = {194--198},
  year      = {2016},
  language  = {russian}
}

@article{yugai17,
  title     = {Об одном критерии полиномиальной полноты квазигрупп},
  author    = {Югай, В. Л.},
  journal   = {Интеллектуальные системы. Теория и приложения},
  volume    = {21},
  number    = {3},
  pages     = {131--135},
  year      = {2017},
  language  = {russian}
}

@article{chap24,
  title     = {Polynomial completeness and completeness of finite $n$-quasigroups},
  author    = {Chaplygina, S. and Galatenko, A.},
  journal   = {Quasigroups and related systems},
  volume    = {32},
  number    = {2},
  pages     = {207--223},
  year      = {2024},
  language  = {english}
}

@article{galatenko18polycomp,
  title     = {О полиномиально полных квазигруппах простого порядка},
  author    = {Галатенко, А. В. and Панкратьев, А. Е. and Родин, С. Б.},
  journal   = {Алгебра и логика},
  volume    = {57},
  number    = {5},
  pages     = {509--521},
  year      = {2018},
  publisher = {Институт математики им. С.Л. Соболева},
  language  = {russian}
}

@article{galatenko18polycomp2,
  title     = {О сложности проверки полиномиальной полноты конечных квазигрупп},
  author    = {Галатенко, А. В. and Панкратьев, А. Е.},
  journal   = {Дискретная математика},
  volume    = {30},
  number    = {4},
  pages     = {3--11},
  year      = {2018},
  publisher = {Российская академия наук, Математический институт им. В. А. Стеклова},
  language  = {russian}
}

@article{galatenko19polycomp,
  title     = {Полиномиальная полнота конечных квазигрупп},
  author    = {Галатенко, А. В. and Панкратьев, А. Е. and Родин, С. Б.},
  journal   = {Интеллектуальные системы. Теория и приложения},
  volume    = {23},
  number    = {1},
  pages     = {81--87},
  year      = {2019},
  language  = {russian}
}

@inproceedings{galatenko20check,
  author    = {Галатенко, А. В. and Панкратьев, А. Е. and Староверов, В. М.},
  title     = {Проверка полиномиальной полноты n-квазигрупп},
  booktitle = {Алгебра, теория чисел и дискретная геометрия: современные проблемы, приложения и проблемы истории},
  year      = {2020},
  organization = {Тульский государственный педагогический университет им. Л.Н. Толстого},
  note      = {Материалы XVIII Международной конференции, посвященной столетию со дня рождения профессоров Б. М. Бредихина, В. И. Нечаева и С. Б. Стечкина.},
  language  = {russian}
}

@article{galatenko2020efficient,
  title     = {Efficient verification of polynomial completeness of quasigroups},
  author    = {Galatenko, A. V. and Pankratiev, A. E. and Staroverov, V. M.},
  journal   = {Lobachevskii Journal of Mathematics},
  volume    = {41},
  number    = {8},
  pages     = {1444--1453},
  year      = {2020},
  publisher = {Springer},
  language  = {english}
}

@inproceedings{galatenko21npolycomplete,
  author    = {Галатенко, А. В. and Панкратьев, А. Е. and Староверов, В. М.},
  title     = {Эффективность проверки полиномиальной полноты n-квазигрупп},
  booktitle = {Алгебра, теория чисел, дискретная геометрия и многомасштабное моделирование: современные проблемы, приложения и проблемы истории},
  year      = {2021},
  organization = {Тульский государственный педагогический университет им. Л.Н. Толстого},
  note      = {Материалы XIX Международной конференции, посвященной двухсотлетию со дня рождения академика П. Л. Чебышёва},
  language  = {russian}
}

@article{galatenko2021deciding,
  title     = {Deciding Cryptographically Important Properties of Finite Quasigroups},
  author    = {Galatenko, A. V. and Pankratiev, A. E. and Staroverov, V. M.},
  journal   = {COMPUTER ALGEBRA. 4th International Conference Materials.},
  volume    = {28},
  pages     = {53--56},
  year      = {2021},
  language  = {english}
}

@article{galatenko2022algorithms,
  title={Algorithms for Checking Some Properties of $n$-Quasigroups},
  author={Galatenko, A.V. and Pankratiev, A.E. and Staroverov, V.M.},
  journal={Programming and Computer Software},
  volume={48},
  number={1},
  pages={36--48},
  year={2022},
  publisher={Springer},
  language = {english}
}

@article{galatenko22,
  title     = {О сильной полиномиальной полноте почти всех квазигрупп},
  author    = {Галатенко, А. В. and Галатенко, В. В. and Панкратьев, А. Е.},
  journal   = {Математические заметки},
  volume    = {111},
  number    = {1},
  pages     = {8--14},
  year      = {2022},
  language  = {russian}
}



%%% PROBABILISTIC ASPECTS %%%%

% Quasigroup left and right shifts

@article{yash13,
  title={О преобразованиях распределений вероятностей бесповторными квазигрупповыми формулами},
  author={Яшунский, Алексей Дмитриевич},
  journal={Дискретная математика},
  volume={25},
  number={2},
  pages={149--159},
  year={2013},
  publisher={Российская академия наук, Математический институт им. В.А. Стеклова РАН}
}

@article{yash22,
  title={О скорости сходимости квазигрупповых сверток вероятностных распределений},
  author={Яшунский, А. Д.},
  journal={Дискретная математика},
  volume={34},
  number={3},
  pages={160--171},
  year={2022},
  publisher={Российская академия наук, Математический институт им. В.А. Стеклова РАН}
}

@inproceedings{yash22-2,
  title={Уточнение скорости сходимости распределений квазигрупповых {\guillemotleft}сумм{\guillemotright} конечных случайных величин},
  author={Яшунский, А.Д.},
  booktitle={Дискретная математика и ее приложения},
  volume={14},
  pages={300--302},
  year={2022}
}


% statistical tests & geometry

@article{markovski2005classification,
  title={Classification of quasigroups by random walk on torus},
  author={Markovski, S. and Gligoroski, D. and Markovski, J.},
  journal={Journal of applied mathematics and computing},
  volume={19},
  number={1},
  pages={57--75},
  year={2005},
  publisher={Springer},
  language = {english}
}

@inproceedings{dimitrova2007classification,
  title={Classification of quasigroups by image patterns},
  author={Dimitrova, V. and Markovski, S.},
  booktitle = {Proceedings of the Fifth International Conference for Informatics and Information
Technology, Bitola, Macedonia},
  pages={470--483},
  year={2007},
  organization={Institute of Informatics, Faculty of Natural Sciences and Mathematics, Ss. Cyril and Methodius University in Skopje},
  language = {english}
}

@article{falcon2019computational,
  title={A computational algebraic geometry approach to analyze pseudo-random sequences based on Latin squares},
  author={Falc{\'o}n, Ra{\'u}l M and {\'A}lvarez, V{\'\i}ctor and Gudiel, F{\'e}lix},
  journal={Advances in Computational Mathematics},
  volume={45},
  pages={1769--1792},
  year={2019},
  publisher={Springer}
}



%%%%% QUASIGROUP GENERATION %%%%%%%%%%%%%

@inproceedings{klimov2003new,
  title={A new class of invertible mappings},
  author={Klimov, A. and Shamir, A.},
  booktitle={Cryptographic Hardware and Embedded Systems-CHES 2002: 4th International Workshop Redwood Shores, CA, USA, August 13--15, 2002 Revised Papers 4},
  pages={470--483},
  year={2003},
  organization={Springer},
  language = {english}
}

@article{jacobson1996generating,
  title={Generating uniformly distributed random Latin squares},
  author={Jacobson, Mark T and Matthews, Peter},
  journal={Journal of Combinatorial Designs},
  volume={4},
  number={6},
  pages={405--437},
  year={1996},
  publisher={Wiley Online Library},
  language = {english}
}

@inproceedings{samardjiska2011construction,
  title={Construction of multivariate quadratic quasigroups (mqqs) in arbitrary galois fields},
  author={Samardjiska, Simona and Chen, Yanling and Gligoroski, Danilo},
  booktitle={2011 7th International Conference on Information Assurance and Security (IAS)},
  pages={314--319},
  year={2011},
  organization={IEEE}
}




%%%%%%%%%%%%%%%%%% PROPER FAMILIES %%%%%%%%%%%%%%%%%%%%%%%%

@article{nosov98,
  title     = {Критерий регулярности булевского неавтономного автомата с разделенным входом},
  author    = {Носов, В. А.},
  journal   = {Интеллектуальные системы. Теория и приложения},
  volume    = {3},
  number    = {3-4},
  pages     = {269--280},
  year      = {1998},
  language  = {russian}
}

@article{nosov99,
  author    = {Носов, В. А.},
  title     = {Построение классов латинских квадратов в булевой базе данных},
  journal   = {Интеллектуальные системы. Теория и приложения},
  year      = {1999},
  volume    = {4},
  number    = {3-4},
  pages     = {307--320},
  issn      = {2075-9460{;} 2411-4448},
  address   = {М.},
  publisher = {М.},
  language  = {russian}
}

@article{nosov06,
  author    = {Носов, В. А.},
  title     = {Построение параметрического семейства латинских квадратов в векторной базе данных},
  journal   = {Интеллектуальные системы. Теория и приложения},
  year      = {2006},
  volume    = {8},
  number    = {1-4},
  pages     = {517--529},
  issn      = {2075-9460; 2411-4448},
  address   = {М.},
  publisher = {М.},
  language  = {russian}
}

@article{nosov06abel,
  title     = {Латинские квадраты над абелевыми группами},
  author    = {Носов, В. А. and Панкратьев, А. Е.},
  journal   = {Фундаментальная и прикладная математика},
  volume    = {12},
  number    = {3},
  pages     = {65--71},
  year      = {2006},
  publisher = {Московский государственный университет имени М.В. Ломоносова},
  language  = {russian}
}

@article{nosov07,
  title     = {О семействах функций, задающих латинские квадраты над абелевыми группами},
  author    = {Носов, В. А. and Панкратьев, А. Е.},
  journal   = {Лесной вестник \/ Forestry bulletin},
  number    = {2},
  year      = {2007},
  language  = {russian}
}

@article{nosov08,
  author    = {Носов, В. А. and Панкратьев, А. Е.},
  title     = {О функциональном задании латинских квадратов},
  journal   = {Интеллектуальные системы. Теория и приложения},
  year      = {2008},
  volume    = {12},
  number    = {1-4},
  pages     = {317--332},
  issn      = {2075-9460; 2411-4448},
  address   = {М.},
  publisher = {М.},
  language  = {russian}
}

@article{kozlov08,
  title     = {Матрицы и графы существенной зависимости правильных семейств функций},
  author    = {Козлов, А. А. and Носов, В. А. and Панкратьев, А. Е.},
  journal   = {Фундаментальная и прикладная математика},
  volume    = {14},
  number    = {4},
  pages     = {137--149},
  year      = {2008},
  publisher = {Московский государственный университет имени М.В. Ломоносова},
  language  = {russian}
}

@article{plaksina14,
  title     = {Построение параметрического семейства многомерных латинских квадратов},
  author    = {Плаксина, И. А.},
  journal   = {Интеллектуальные системы. Теория и приложения},
  volume    = {18},
  number    = {2},
  pages     = {323--330},
  year      = {2014},
  language  = {russian}
}

@article{rykov10,
  title     = {Об алгоритмах проверки правильности семейств функций},
  author    = {Рыков, Д.О.},
  journal   = {Интеллектуальные системы. Теория и приложения},
  volume    = {14},
  number    = {1-4},
  pages     = {261--276},
  year      = {2010},
  language  = {russian}
}

@article{rykov14,
  title     = {О правильных семействах функций, используемых для задания латинских квадратов},
  author    = {Рыков, Д.О.},
  journal   = {Интеллектуальные системы. Теория и приложения},
  volume    = {18},
  number    = {1},
  pages     = {141--152},
  year      = {2014}
}

@article{piven18,
  title     = {Исследование квазигрупп, получаемых с помощью правильных семейств булевых функций порядка 2},
  author    = {Пивень, Н. А.},
  journal   = {Интеллектуальные системы. Теория и приложения},
  volume    = {22},
  number    = {1},
  pages     = {21--35},
  year      = {2018}
}

@article{piven19,
  title     = {Некоторые свойства перестановочной конструкции для параметрического задания квазигрупп},
  author    = {Пивень, Н. А.},
  journal   = {Интеллектуальные системы. Теория и приложения},
  volume    = {23},
  number    = {2},
  pages     = {71--78},
  year      = {2019},
  language  = {russian}
}

@article{galatenko20quad,
  title     = {Порождение квадратичных квазигрупп с помощью правильных семейств булевых функций},
  author    = {Галатенко, А. В. and Носов, В. А. and Панкратьев, А. Е.},
  journal   = {Фундаментальная и прикладная математика},
  volume    = {23},
  number    = {2},
  pages     = {57--73},
  year      = {2020},
  publisher = {Московский государственный университет имени М.В. Ломоносова},
  language  = {russian}
}

@article{galatenko2020latin,
  title     = {Latin squares over quasigroups},
  author    = {Galatenko, A. V. and Nosov, V. A. and Pankratiev, A. E.},
  journal   = {Lobachevskii Journal of Mathematics},
  volume    = {41},
  number    = {2},
  pages     = {194--203},
  year      = {2020},
  publisher = {Springer},
  language  = {english}
}

@inproceedings{galatenko20algo,
  author    = {Галатенко, А. В. and Носов, В. А. and Панкратьев, А. Е.},
  title     = {Об одном алгоритме построения правильных семейств функций},
  booktitle = {Алгебра, теория чисел и дискретная геометрия: современные проблемы, приложения и проблемы истории},
  year      = {2020},
  organization = {Тульский государственный педагогический университет им. Л.Н. Толстого},
  note      = {Материалы XVIII Международной конференции, посвященной столетию со дня рождения профессоров Б. М. Бредихина, В. И. Нечаева и С. Б. Стечкина.},
  language  = {russian}
}

@article{galatenko21generation,
  title={Порождение правильных семейств функций},
  author={Галатенко, Алексей Владимирович and Носов, Валентин Александрович and Панкратьев, Антон Евгеньевич and Староверов, Владимир Михайлович},
  journal={Интеллектуальные системы. Теория и приложения},
  volume={25},
  number={4},
  pages={100--103},
  year={2021}
}

@article{galatenko2022generation,
  title={Generation of Proper Families of Functions},
  author={Galatenko, A.V. and Pankratiev, A.E. and Staroverov, V.M.},
  journal={Lobachevskii Journal of Mathematics},
  volume={43},
  number={3},
  pages={571--581},
  year={2022},
  publisher={Springer}
}

@inproceedings{galatenko21criterion,
  author    = {Галатенко, А. В. and Носов, В. А. and Панкратьев, А. Е.},
  title     = {Об одном критерии правильности семейства функций},
  booktitle = {Алгебра, теория чисел, дискретная геометрия и многомасштабное моделирование: современные проблемы, приложения и проблемы истории},
  year      = {2021},
  organization = {Тульский государственный педагогический университет им. Л.Н. Толстого},
  note      = {Материалы XIX Международной конференции, посвященной двухсотлетию со дня рождения академика П. Л. Чебышёва},
  language  = {russian}
}

%%%%%%%%%%%%%%%%%  APPLICATIONS  %%%%%%%%%%%%%%%%%%%%%%%%%%%

% ______________CODES____________________

@article{nechaev98,
  title     = {Рекурсивные МДР-коды и рекурсивно дифференцируемые квазигруппы},
  author    = {Гонсалес, С. and Коусело, Е. and Марков, В. Т. and Нечаев, А. А.},
  journal   = {Дискретная математика},
  volume    = {10},
  number    = {2},
  pages     = {3--29},
  year      = {1998},
  publisher = {Российская академия наук, Математический институт им. В. А. Стеклова},
  language  = {russian}
}

@article{nechaev04,
  title     = {Групповые коды и их неассоциативные обобщения},
  author    = {Гонсалес, С. and Коусело, Е. and Марков, В. Т. and Нечаев, А. А.},
  journal   = {Дискретная математика},
  volume    = {16},
  number    = {1},
  pages     = {146--156},
  year      = {2004},
  publisher = {Российская академия наук, Математический институт им. В. А. Стеклова},
  language  = {russian}
}

@article{couselo2004loop,
  title     = {Loop codes},
  author    = {Couselo, E. and Gonz{\'a}lez, S. and Markov, V. and Nechaev, A.},
  journal   = {Discrete Mathematics and Applications},
  volume    = {14},
  number    = {2},
  pages     = {163--172},
  year      = {2004},
  publisher = {Walter de Gruyter},
  language  = {english}
}

@article{markov12,
  title     = {Квазигруппы и кольца в кодировании и построении криптосхем},
  author    = {Марков, В. Т. and Михалёв, А. В. and Грибов, А. В. and Золотых, П. А. and Скаженик, С. С.},
  journal   = {Прикладная дискретная математика},
  volume    = {4},
  year      = {2012},
  language  = {russian}
}

@article{markov2020nonassociative,
  title     = {Nonassociative Algebraic Structures in Cryptography and Coding},
  author    = {Markov, V. T. and Mikhalev, A. V. and Nechaev, A. A.},
  journal   = {Journal of Mathematical Sciences},
  volume    = {245},
  number    = {2},
  year      = {2020},
  language  = {english}
}

% __________SYMMETRIC CRYPTOGRAPHY____________

% basics


% E-transform, probabilistic properties

@article{markovski1999quasigroup,
  title={Quasigroup String Processing: Part 1},
  author={Markovski, S and Gligoroski, D. and Bakeva, V.},
  journal={Proc. of Maked. Academ. of Sci. and Arts for Math. And Tect. Sci. XX},
  pages={157--162},
  year={1999},
  language = {english}
}

@inproceedings{markovski2003quasigroup,
  title={Quasigroup string processing and applications in cryptography},
  author={Markovski, Smile},
  booktitle={Proc. 1-st Inter. Conf. Mathematics and Informatics for industry},
  volume={1002},
  pages={14--16},
  year={2003},
  language = {english}
}

@article{markovski2005classification,
  title={Classification of quasigroups by random walk on torus},
  author={Markovski, Smile and Gligoroski, Danilo and Markovski, Jasen},
  journal={Journal of applied mathematics and computing},
  volume={19},
  number={1-2},
  pages={57--75},
  year={2005},
  publisher={Springer},
  language = {english}
}

@inproceedings{bakeva2011some,
  title={Some probabilistic properties of quasigroup processed strings useful for cryptanalysis},
  author={Bakeva, Verica and Dimitrova, Vesna},
  booktitle={ICT Innovations 2010: Second International Conference, ICT Innovations 2010, Ohrid Macedonia, September 12-15, 2010. Revised Selected Papers 2},
  pages={61--70},
  year={2011},
  organization={Springer},
  language = {english}
}

@article{markovski2017quasigroup,
  title={Quasigroup string processing: Part 4},
  author={Markovski, Smile and Bakeva, Verica},
  journal={Contributions, Section of Natural, Mathematical and Biotechnical Sciences},
  volume={27},
  number={1-2},
  year={2017},
  language = {english}
}

@phdthesis{mileva2010cryptographic,
  title={Cryptographic primitives with quasigroup transformations},
  author={Mileva, Aleksandra},
  year={2010},
  school={Faculty of Natural Science, University" Ss Cyril and Methodius"}
}

@inproceedings{ochodkova2009testing,
  title={Testing the properties of large quasigroups},
  author={Ochodkova, Eliska and Dvorsk{\`y}, Ji{\v{r}}{\'\i} and Sn{\'a}{\v{s}}el, V{\'a}clav and Abraham, Ajith},
  booktitle={2009 International Conference on Ultra Modern Telecommunications \& Workshops},
  pages={1--7},
  year={2009},
  organization={IEEE}
}

@inproceedings{dvorsky2009large,
  title={Large quasigroups in cryptography and their properties testing},
  author={Dvorsk{\`y}, Ji{\v{r}}{\'\i} and Ochodkov{\'a}, Eli{\v{s}}ka and Sn{\'a}{\v{s}}el, V{\'a}clav and Abraham, Ajith},
  booktitle={2009 World Congress on Nature \& Biologically Inspired Computing (NaBIC)},
  pages={965--971},
  year={2009},
  organization={IEEE}
}

% PRNG

@inproceedings{dimitrova2004quasigroup,
  title={On quasigroup pseudo random sequence generator},
  author={Dimitrova, V. and Markovski, J},
  booktitle={Proceedings of the 1st Balkan Conference in Informatics, Thessaloniki},
  year={2004},
  language = {english}
}

@inproceedings{markovski2005unbiased,
  title={Unbiased random sequences from quasigroup string transformations},
  author={Markovski, Smile and Gligoroski, Danilo and Kocarev, Ljupco},
  booktitle={International workshop on fast software encryption},
  pages={163--180},
  year={2005},
  organization={Springer},
  language = {english}
}

% MAC schemes

@article{denes1992new,
  title={A new authentication scheme based on Latin squares},
  author={D{\'e}nes, J{\'o}zsef and Keedwell, A Donald},
  journal={Discrete Mathematics},
  volume={106},
  pages={157--161},
  year={1992},
  publisher={Elsevier},
  language = {english}
}

@phdthesis{meyer2006new,
  title={A new message authentication code based on the non-associativity of quasigroups},
  author={Meyer, K. A.},
  year={2006},
  publisher={Iowa State University},
  language = {english}
}

% ____________Encryption: Feistel structures______________

@article{tecseleanu2021quasigroups,
  title={Quasigroups and substitution permutation networks: a failed experiment},
  author={Te{\c{s}}eleanu, George},
  journal={Cryptologia},
  volume={45},
  number={3},
  pages={266--281},
  year={2021},
  publisher={Taylor \& Francis},
  language = {english}
}

@inproceedings{tecseleanu2022security,
  title={The Security of Quasigroups Based Substitution Permutation Networks},
  author={Te{\c{s}}eleanu, George},
  booktitle={International Conference on Information Technology and Communications Security},
  pages={306--319},
  year={2022},
  organization={Springer},
  language = {english}
}

@article{tecseleanu2023cryptographic,
  title={Cryptographic symmetric structures based on quasigroups},
  author={Te{\c{s}}eleanu, George},
  journal={Cryptologia},
  volume={47},
  number={4},
  pages={365--392},
  year={2023},
  publisher={Taylor \& Francis},
  language = {english}
}


@article{cherednik17,
  title={Один подход к построению транзитивного множества блочных преобразований},
  author={Чередник, Игорь Владимирович},
  journal={Прикладная дискретная математика},
  number={4 (38)},
  pages={5--34},
  year={2017},
  publisher={Издательский Дом ТГУ}
}


@article{cherednik19,
  title={Об использовании бинарных операций при построении транзитивного множества блочных преобразований},
  author={Чередник, Игорь Владимирович},
  journal={Дискретная математика},
  volume={31},
  number={3},
  pages={93--113},
  year={2019},
  publisher={Российская академия наук, Математический институт им. ВА Стеклова Российской Академии Наук},
  language = {russian}
}

@article{cherednik20,
  title={Об использовании бинарных операций при построении кратно транзитивного множества блочных преобразований},
  author={Чередник, Игорь Владимирович},
  journal={Дискретная математика},
  volume={32},
  number={2},
  pages={85--111},
  year={2020},
  publisher={Российская академия наук, Математический институт им. ВА Стеклова Российской Академии Наук},
  language = {russian}
}




% HASH function

@article{vojvoda2004cryptanalysis,
  title={Cryptanalysis of one hash function based on quasigroup},
  author={Vojvoda, Milan},
  journal={Tatra Mt. Math. Publ},
  volume={29},
  number={3},
  pages={173--181},
  year={2004},
  language = {english}
}

@inproceedings{snavsel2009hash,
  title={Hash functions based on large quasigroups},
  author={Sn{\'a}{\v{s}}el, V{\'a}clav and Abraham, Ajith and Dvorsk{\`y}, Ji{\v{r}}{\'\i} and Kr{\"o}mer, Pavel and Plato{\v{s}}, Jan},
  booktitle={Computational Science--ICCS 2009: 9th International Conference Baton Rouge, LA, USA, May 25-27, 2009 Proceedings, Part I 9},
  pages={521--529},
  year={2009},
  organization={Springer},
  language = {english}
}

@article{slaminkova2010cryptanalysis,
  title={Cryptanalysis of a hash function based on isotopy of quasigroups},
  author={Slaminkov{\'a}, Ivana and Vojvoda, Milan},
  journal={Tatra Mountains Mathematical Publications},
  volume={45},
  number={1},
  pages={137--149},
  year={2010},
  language = {english}
}


@article{EdonR,
  title     = {Edon-R, An Infinite Family of Cryptographic Hash Functions},
  author    = {Gligoroski, D. and Markovski, S. and Kocarev, L.},
  journal   = {International Journal of Security and Networks},
  volume    = {8},
  number    = {3},
  pages     = {293--300},
  year      = {2009},
  publisher = {Inderscience Enterprises Ltd},
  language  = {english}
}

@inproceedings{EdonRprime,
  title={Cryptographic hash function Edon-R'},
  author={Gligoroski, D. and {\O}deg{\aa}rd, R. S. and Mihova, M. and Knapskog, S. J. and Dr{\'a}pal, A. and Klima, V. and Amundse, J. and El-Hadedy, M.},
  booktitle={2009 Proceedings of the 1st International Workshop on Security and Communication Networks},
  pages={1--9},
  year={2009},
  organization={IEEE},
  language = {english}
}

@article{gligoroski2008edon,
  title={Edon-R (256,384,512)--an efficient implementation of Edon-R family of cryptographic hash functions},
  author={Gligoroski, Danilo and Knapskog, Svein Johan},
  journal={Commentationes Mathematicae Universitatis Carolinae},
  volume={49},
  number={2},
  pages={219--239},
  year={2008},
  publisher={Charles University in Prague, Faculty of Mathematics and Physics},
  language = {english}
}

@article{gligoroski2009family,
  title={On a family of minimal candidate one-way functions and one-way permutations},
  author={Gligoroski, Danilo},
  journal={Int. J. Netw. Secur.},
  volume={8},
  number={3},
  pages={211--220},
  year={2009},
  language = {english}
}


% BLOCK & STREAM CIPHERS

@incollection{edon80,
  title     = {The stream cipher Edon80},
  author    = {Gligoroski, D. and Markovski, S. and Knapskog, S. J.},
  booktitle = {New stream cipher designs},
  pages     = {152--169},
  year      = {2008},
  publisher = {Springer},
  language  = {english}
}

@inproceedings{hell2007key,
  title={A key recovery attack on Edon80},
  author={Hell, Martin and Johansson, Thomas},
  booktitle={International Conference on the Theory and Application of Cryptology and Information Security},
  pages={568--581},
  year={2007},
  organization={Springer},
  language = {english}
}

@inproceedings{vojvoda2007note,
  title={A note on algebraic properties of quasigroups in edon80},
  author={Vojvoda, M. and S{\`y}s, M. and J{\'o}kay, M.},
  booktitle={Workshop Record of SASC},
  year={2007},
  language={english}
}

@article{inru,
  title={INRU: A Quasigroup Based Lightweight Block Cipher},
  author={Tiwari, Sharwan K and Awasthi, Ambrish and Chkrabarti, Sucheta and Yadav, Sudha},
  journal={arXiv preprint arXiv:2112.07411},
  year={2021},
  language = {english}
}

@article{otte2019gage,
  title={GAGE and InGAGE},
  author={Gligoroski, Danilo and El-Hadedy, Mohamed and Mihajloska, Hristina and Otte, Daniel},
  journal={A Submission to the NIST Lightweight Cryptography Standardization Process},
  year={2019},
  language = {english}
}

@misc{gligoroski2019s,
  title={On the S-box in GAGE and InGAGE},
  author={Gligoroski, Danilo},
  year={2019},
  note = {\url{http://gageingage.org/upload/LWC2019NISTWorkshop.pdf}},
  language = {english}
}

@article{domosi2015novel,
  title={A novel cryptosystem based on abstract automata and Latin cubes},
  author={D{\"o}m{\"o}si, P{\'a}l and Horv{\'a}th, G{\'e}za},
  journal={Studia Scientiarum Mathematicarum Hungarica},
  volume={52},
  number={2},
  pages={221--232},
  year={2015},
  publisher={Akad{\'e}miai Kiad{\'o}},
  language = {english}
}

@inproceedings{xu2020image,
  title={An Image Cipher Based on Latin Cubes},
  author={Xu, Ming and Tian, Zihong},
  booktitle={2020 3rd International Conference on Information and Computer Technologies (ICICT)},
  pages={160--168},
  year={2020},
  organization={IEEE},
  language = {english}
}

% _______________ASYMMETRIC CRYPTOGRAPHY_________________

@article{pke10,
  title     = {Построение алгебраической криптосистемы над квазигрупповым кольцом},
  author    = {Грибов, А. В. and Золотых, П. А. and Михалёв, А. В.},
  journal   = {Математические вопросы криптографии},
  volume    = {1},
  number    = {4},
  pages     = {23--32},
  year      = {2010},
  publisher = {Российская академия наук, Математический институт им. В. А. Стеклова},
  language  = {russian}
}

@article{DH14,
  title     = {Использование неассоциативных группоидов для реализации процедуры открытого распределения ключей},
  author    = {Катышев, С. Ю. and Марков, В. Т. and Нечаев, А. А.},
  journal   = {Дискретная математика},
  volume    = {26},
  number    = {3},
  pages     = {45--64},
  year      = {2014},
  publisher = {Российская академия наук, Математический институт им. В. А. Стеклова},
  language  = {russian}
}

@article{DH16,
  title     = {Неассоциативные алгебраические структуры в криптографии и кодировании},
  author    = {Марков, В. Т. and Михалёв, А. В. and Нечаев, А. А.},
  journal   = {Фундаментальная и прикладная математика},
  volume    = {21},
  number    = {4},
  pages     = {99--124},
  school    = {Московский государственный университет им. М. В. Ломоносова},
  year      = {2016},
  language  = {russian}
}

@article{baryshnikov2017key,
  title={Key agreement schemes based on linear groupoids},
  author={Baryshnikov, Andrei Vladimirovich and Katyshev, Sergey Yur'evich},
  journal={Математические вопросы криптографии},
  volume={8},
  number={1},
  pages={7--12},
  year={2017},
  publisher={Математический институт им. ВА Стеклова Российской академии наук}
}

% homomorhphic encryption using quasigroups

@article{homomo15,
  title     = {Гомоморфность некоторых криптографических систем на основе неассоциативных структур},
  author    = {Грибов, А. В.},
  journal   = {Фундаментальная и прикладная математика},
  volume    = {20},
  number    = {1},
  pages     = {135--143},
  year      = {2015},
  publisher = {Московский государственный университет имени М. В. Ломоносова},
  language  = {russian}
}

@phdthesis{gribovphd,
  author    = {Грибов, А. В.}, 
  title     = {Алгебраические неассоциативные структуры и их приложения в криптографии},
  school    = {Московский государственный университет им. М. В. Ломоносова},
  year      = {2015},
  language  = {russian}
}

@article{quantum18,
  title     = {Использование неассоциативных структур для построения алгоритмов открытого распределения ключей},
  author    = {Барышников, А. В. and Катышев, С. Ю.},
  journal   = {Математические вопросы криптографии},
  volume    = {9},
  number    = {4},
  pages     = {5--30},
  year      = {2018},
  publisher = {Российская академия наук, Математический институт им. В. А. Стеклова},
  language  = {russian}
}

@article{katyshev2020application,
  title={Application of non-associative structures for construction of homomorphic cryptosystems},
  author={Katyshev, Sergey Yur'evich and Zyazin, Andrey Valentinovich and Baryshnikov, Andrei Vladimirovich},
  journal={Математические вопросы криптографии},
  volume={11},
  number={3},
  pages={31--39},
  year={2020},
  publisher={Математический институт им. ВА Стеклова Российской академии наук}
}

@article{markov20,
  title={Неассоциативные структуры в гомоморфной криптографии},
  author={Марков, Виктор and Михалёв, Александр Васильевич and Кислицын, Евгений Сергеевич},
  journal={Фундаментальная и прикладная математика},
  volume={23},
  number={2},
  pages={209--215},
  year={2020},
  publisher={Московский государственный университет имени МВ Ломоносова}
}

% ________________MQQ_____________________

@article{gligoroski2008public,
  title={A public key block cipher based on multivariate quadratic quasigroups},
  author={Gligoroski, Danilo and Markovski, Smile and Knapskog, Svein Johan},
  journal={arXiv preprint arXiv:0808.0247},
  year={2008}
}

@inproceedings{gligoroski2008multivariate,
  title={Multivariate quadratic trapdoor functions based on multivariate quadratic quasigroups},
  author={Gligoroski, Danilo and Markovski, Smile and Knapskog, Svein Johan},
  booktitle={Proceedings of the American Conference on Applied Mathematics},
  pages={44--49},
  year={2008}
}

@article{chen2010multivariate,
  title={Multivariate quadratic quasigroups (MQQs): Construction, bounds and complexity},
  author={Chen, Yanling and Knapskog, Svein Johan and Gligoroski, Danilo},
  journal={Submitted to ISIT},
  volume={2010},
  pages={14},
  year={2010}
}

@inproceedings{mohamed2009algebraic,
  title={Algebraic attack on the MQQ public key cryptosystem},
  author={Mohamed, Mohamed Saied Emam and Ding, Jintai and Buchmann, Johannes and Werner, Fabian},
  booktitle={Cryptology and Network Security: 8th International Conference, CANS 2009, Kanazawa, Japan, December 12-14, 2009. Proceedings 8},
  pages={392--401},
  year={2009},
  organization={Springer}
}

@inproceedings{gligoroski2011mqq,
  title={MQQ-SIG: An ultra-fast and provably CMA resistant digital signature scheme},
  author={Gligoroski, Danilo and {\O}deg{\aa}rd, Rune Steinsmo and Jensen, Rune Erlend and Perret, Ludovic and Faugere, Jean-Charles and Knapskog, Svein Johan and Markovski, Smile},
  booktitle={International Conference on Trusted Systems},
  pages={184--203},
  year={2011},
  organization={Springer}
}

@inproceedings{faugere2015polynomial,
  title={A polynomial-time key-recovery attack on MQQ cryptosystems},
  author={Faug{\`e}re, Jean-Charles and Gligoroski, Danilo and Perret, Ludovic and Samardjiska, Simona and Thomae, Enrico},
  booktitle={IACR International Workshop on Public Key Cryptography},
  pages={150--174},
  year={2015},
  organization={Springer}
}

@article{MQQ,
  title={On a special class of multivariate quadratic quasigroups (MQQs)},
  author={Chen, Y. and Gligoroski, D. and Knapskog, S. J.},
  journal={Journal of Mathematical Cryptology},
  volume={7},
  number={2},
  pages={111--141},
  year={2013},
  language={english}
}









% Unique Sink Orientations

@inproceedings{szabo2001,
  title={Unique sink orientations of cubes},
  author={Szab{\'o}, T. and Welzl, E.},
  booktitle={Proceedings 42nd IEEE Symposium on Foundations of Computer Science},
  pages={547--555},
  year={2001},
  organization={IEEE},
  language = {english}
}

@phdthesis{USOphd,
  author = {Schurr, I.},
  title = {Unique sink orientations of cubes},
  school = {ETH Zurich},
  year = {2004},
  language = {english}
}

@article{numberUSO,
  author  = {Matousek, J.},
  title   = {The Number Of Unique-Sink Orientations of the Hypercube},
  journal = {Combinatorica},
  year    = {2006},
  volume  = {26},
  pages   = {91-99},
  month   = {02},
  language = {english}
}

@article{USOcomplexity,
  author  = {Gartner, B. and Antonis, T.},
  title   = {The Complexity of Recognizing Unique Sink Orientations},
  journal = {Leibniz International Proceedings in Informatics{,} LIPIcs},
  year    = {2015},
  volume  = {30},
  month   = {03},
  language = {english}
}

@article{gao2020new,
  title={A new combinatorial property of geometric unique sink orientations},
  author={Gao, Y. and Gartner, B. and Lamperski, J.},
  journal={arXiv preprint arXiv:2008.08992},
  year={2020},
  language = {english}
}

@article{bosshard2017pseudo,
  title={Pseudo unique sink orientations},
  author={Bosshard, Vitor and G{\"a}rtner, Bernd},
  journal={arXiv preprint arXiv:1704.08481},
  year={2017}
}

% tilings

@article{sikiric2007cube,
  title={Cube packings, second moment and holes},
  author={Sikiri{\'c}, M. D. and Itoh, Y. and Poyarkov, A.},
  journal={European Journal of Combinatorics},
  volume={28},
  number={3},
  pages={715--725},
  year={2007},
  publisher={Elsevier},
  language = {english}
}

@article{mathew2013enumerating,
  title={Enumerating cube tilings},
  author={Mathew, K Ashik and {\"O}sterg{\aa}rd, Patric RJ and Popa, Alexandru},
  journal={Discrete \& Computational Geometry},
  volume={50},
  number={4},
  pages={1112--1122},
  year={2013},
  publisher={Springer}
}

@article{borzechowski2022universal,
  title={A Universal Construction for Unique Sink Orientations},
  author={Borzechowski, M. and Doolittle, J, and Weber, S.},
  journal={arXiv preprint arXiv:2211.06072},
  year={2022},
  language = {english}
}

@article{corradi1990combinatorial,
  title={A combinatorial approach for Keller's conjecture},
  author={Corr{\'a}di, Kereszt{\'e}ly and Szab{\'o}, S{\'a}ndor},
  journal={Periodica Mathematica Hungarica},
  volume={21},
  pages={95--100},
  year={1990},
  publisher={Springer}
}


% weak isometries of Hamming cubes

@article{krasin06,
  title={О слабых изометриях булева куба},
  author={Красин, В. Ю.},
  journal={Дискретный анализ и исследование операций},
  volume={13},
  number={4},
  pages={26--32},
  year={2006},
  language={russian}
}

@article{de2016weak,
  title={Weak isometries of the Boolean cube},
  author={De Winter, S. and Korb, M.},
  journal={Discrete Mathematics},
  volume={339},
  number={2},
  pages={877--885},
  year={2016},
  publisher={Elsevier},
  language={english}
}

@article{bruner2014weak, 
  title={Weak isometries of Hamming spaces}, 
  author={Bruner, Ryan and De Winter, Stefaan}, 
  journal={Journal of Algebra Combinatorics Discrete Structures and Applications}, 
  volume={3}, 
  number={3}, 
  pages={209--216}, 
  year={2014}, 
  publisher={{.I}rfan {\c{S}}{.I}AP} 
}

@article{chirivi,
    author = {Chirivi, R.},
    title = {The isometry group for the Hamming distance},
    year = {2015},
    note = {\url{http://annualreport.dmf.unisalento.it/2015/maths/algebra/chirivi1.pdf}},
    language={english}
}




















%%%%%%%%%%%%%%%%%%%% HUPF networks %%%%%%%%%%%%%%%%%%%%%%%%

% genesis

@article{kaufman69,
  title = {Metabolic stability and epigenesis in randomly constructed genetic nets},
  journal = {Journal of Theoretical Biology},
  volume = {22},
  number = {3},
  pages = {437-467},
  year = {1969},
  issn = {0022-5193},
  doi = {https://doi.org/10.1016/0022-5193(69)90015-0},
  url = {https://www.sciencedirect.com/science/article/pii/0022519369900150},
  author = {Kauffman, S.A.},
  language = {english}
}

@article{thomas73,
  title = {Boolean formalization of genetic control circuits},
  journal = {Journal of Theoretical Biology},
  volume = {42},
  number = {3},
  pages = {563-585},
  year = {1973},
  issn = {0022-5193},
  doi = {https://doi.org/10.1016/0022-5193(73)90247-6},
  url = {https://www.sciencedirect.com/science/article/pii/0022519373902476},
  author = {Thomas, R.},
  language = {english}
}

@article{de2002modeling,
  title={Modeling and simulation of genetic regulatory systems: a literature review},
  author={De Jong, H.},
  journal={Journal of computational biology},
  volume={9},
  number={1},
  pages={67--103},
  year={2002},
  publisher={Mary Ann Liebert, Inc.},
  language = {english}
}

@article{thomas1991regulatory,
  title={Regulatory networks seen as asynchronous automata: a logical description},
  author={Thomas, R.},
  journal={Journal of theoretical biology},
  volume={153},
  number={1},
  pages={1--23},
  year={1991},
  publisher={Elsevier},
  language = {english}
}

% _______________HUPF per se_______________

@article{robert1980iterations,
  title={Iterations sur des ensembles finis et automates cellulaires contractants},
  author={Robert, Fran{\c{c}}ois},
  journal={Linear Algebra and its applications},
  volume={29},
  pages={393--412},
  year={1980},
  publisher={Elsevier},
  language = {french}
}

@article{shih2005combinatorial,
  title={A combinatorial analogue of the Jacobian problem in automata networks},
  author={Shih, M.-H. and Dong, J.-L.},
  journal={Advances in Applied Mathematics},
  volume={34},
  number={1},
  pages={30--46},
  year={2005},
  publisher={Elsevier},
  language = {english}
}

@article{richard2015fixed,
  title={Fixed point theorems for Boolean networks expressed in terms of forbidden subnetworks},
  author={Richard, A.},
  journal={Theoretical Computer Science},
  volume={583},
  pages={1--26},
  year={2015},
  publisher={Elsevier},
  language = {english}
}

@article{ruet2015asynchronous,
  title={Asynchronous Boolean networks and hereditarily bijective maps},
  author={Ruet, P.},
  journal={Natural Computing},
  volume={14},
  pages={545--553},
  year={2015},
  publisher={Springer},
  language = {english}
}

@article{ruet2016local,
  title={Local cycles and dynamical properties of Boolean networks},
  author={Ruet, P.},
  journal={Mathematical Structures in Computer Science},
  volume={26},
  number={4},
  pages={702--718},
  year={2016},
  publisher={Cambridge University Press},
  language = {english}
}


% CP-nets 

@inproceedings{allen2014counting,
  title={Counting, ranking, and randomly generating CP-nets},
  author={Allen, T. E. and Goldsmith, J. and Mattei, N.},
  booktitle={Workshops at the Twenty-Eighth AAAI Conference on Artificial Intelligence},
  year={2014},
  language = {english}
}


% Format preserving encryption

@inproceedings{bellare2009format,
  title={Format-preserving encryption},
  author={Bellare, M. and Ristenpart, T. and Rogaway, P. and Stegers, T.},
  booktitle={Selected Areas in Cryptography: 16th Annual International Workshop, SAC 2009, Calgary, Alberta, Canada},
  pages={295--312},
  year={2009},
  organization={Springer},
  language = {english}
}

@inproceedings{lee2015format,
  title={Format-preserving encryption algorithms using families of tweakable blockciphers},
  author={Lee, J.-K. and Koo, B. and Roh, D. and Kim, W.-H. and Kwon, D.},
  booktitle={Information Security and Cryptology-ICISC 2014: 17th International Conference, Seoul, South Korea},
  pages={132--159},
  year={2015},
  organization={Springer},
  language = {english}
}

@misc{NIST16,
  author = {Dworkin, M.},
  title = {Recommendation for Block Cipher Modes of Operation: Methods for Format-Preserving Encryption},
  year = {2016},
  note = {NIST Special Publication 800-38G},
  language = {english}
}

@inproceedings{hoang2018curse,
  title={The curse of small domains: new attacks on format-preserving encryption},
  author={Hoang, V. Tung and Tessaro, S. and Trieu, N.},
  booktitle={Advances in Cryptology--CRYPTO 2018: 38th Annual International Cryptology Conference, Santa Barbara, CA, USA},
  pages={221--251},
  year={2018},
  organization={Springer},
  language = {english}
}

@inproceedings{amon2021three,
  title={Three third generation attacks on the format preserving encryption scheme FF3},
  author={Amon, O. and Dunkelman, O. and Keller, N. and Ronen, E. and Shamir, A.},
  booktitle={Annual International Conference on the Theory and Applications of Cryptographic Techniques},
  pages={127--154},
  year={2021},
  organization={Springer}
}

% ETC literature

@article{kapovich2003generic,
  title={Generic-case complexity, decision problems in group theory, and random walks},
  author={Kapovich, I. and Myasnikov, A. and Schupp, P. and Shpilrain, V.},
  journal={Journal of Algebra},
  volume={264},
  number={2},
  pages={665--694},
  year={2003},
  publisher={Elsevier},
  language = {english}
}

@article{alekseev16,
  title={О криптографических свойствах алгоритмов, сопутствующих применению стандартов ГОСТ Р 34.11-2012 и ГОСТ Р 34.10-2012},
  author={Алексеев, Е. К. and Ошкин, И. Б. and Попов, В. О. and Смышляев, С. В.},
  journal={Математические вопросы криптографии},
  volume={7},
  number={1},
  pages={5--38},
  year={2016},
  publisher={Математический институт им. ВА Стеклова Российской академии наук},
  language={russian}
}

@book{katz2020introduction,
  title={Introduction to modern cryptography},
  author={Katz, J. and Lindell, Y.},
  year={2020},
  publisher={CRC press},
  language = {english}
}

@book{yablonski,
  title = {Введение в дискретную математику},
  author = {Яблонский, C.~В.},
  year = {1986},
  publisher = {Наука},
  address   = {М.},
  note = {2-е изд., перераб. и доп.},
  language = {russian}
}

@book{vajda2008fibonacci,
  title={Fibonacci and Lucas numbers, and the golden section: theory and applications},
  author={Vajda, Steven},
  year={2008},
  publisher={Courier Corporation},
  language = {english}
}

@book{Zuev,
  author = {Зуев, Ю.~А.},
  title = {По океану дискретной математики. Том 1.},
  year = {2012},
  publisher = {УРСС},
  totalpages = {274},
  language = {russian}
}

@article{ionin2009,
  title    = {Конечные проективные плоскости},
  author   = {Ионин, Ю.},
  journal  = {Математическое просвещение},
  volume   = {13},
  pages    = {50--79},
  year     = {2009},
  publisher= {Независимый Московский университет--МЦНМО},
  language = {russian}
}

@book{cormen,
  title={Алгоритмы. Построение и анализ:[пер. с англ.]},
  author={Кормен, Томас and Лейзерсон, Чарльз and Ривест, Рональд and Штайн, Клиффорд},
  year={2009},
  publisher={Издательский дом Вильямс}
}

@misc{kuzn,
    title  = {Межгосударственный стандарт {ГОСТ} 34.12-2018 {И}нформационная технология ({ИТ}). {К}риптографическая защита информации. {Б}лочные шифры.},
    year = {2018},
    publisher = {ТК~26}
}

@misc{oeis,
    Author = {{OEIS Foundation Inc.}},
    Note = {Published electronically at \url{http://oeis.org}},
    Title = {The {O}n-{L}ine {E}ncyclopedia of {I}nteger {S}equences},
    Year = 2008,
    language = {english}}

@book{finch2003mathematical,
  title={Mathematical constants},
  author={Finch, Steven R},
  year={2003},
  publisher={Cambridge university press}
}

@article{xu2019asymptotic,
  title={Asymptotic expansion related to the generalized Somos recurrence constant},
  author={Xu, Aimin},
  journal={International Journal of Number Theory},
  volume={15},
  number={10},
  pages={2043--2055},
  year={2019},
  publisher={World Scientific}
}

