% HOMOMO, codes, etc

@article{gribov2010construction,
  title={A construction of algebraic cryptosystem over the quasigroup ring},
  author={Gribov, Aleksei Viktorovich and Zolotykh, Pavel Andreevich and Mikhalev, Aleksandr Vasil'evich},
  journal={Matematicheskie Voprosy Kriptografii [Mathematical Aspects of Cryptography]},
  volume={1},
  number={4},
  pages={23--32},
  year={2010},
  publisher={Steklov Mathematical Institute of Russian Academy of Sciences}
}

@article{katyshev14,
  title={Использование неассоциативных группоидов для реализации процедуры открытого распределения ключей},
  author={Катышев, Сергей Юрьевич and Марков, Виктор Тимофеевич and Нечаев, Александр Александрович},
  journal={Дискретная математика},
  volume={26},
  number={3},
  pages={45--64},
  year={2014},
  publisher={Российская академия наук, Математический институт им. ВА Стеклова Российской~…}
}

@article{gribov15,
  title={Гомоморфность некоторых криптографических систем на основе неассоциативных структур},
  author={Грибов, Алексей Викторович},
  journal={Фундаментальная и прикладная математика},
  volume={20},
  number={1},
  pages={135--143},
  year={2015},
  publisher={Московский государственный университет имени МВ Ломоносова}
}

@article{katyshev18,
  title={Использование неассоциативных структур для построения алгоритмов открытого распределения ключей},
  author={Барышников, Андрей Владимирович and Катышев, Сергей Юрьевич},
  journal={Математические вопросы криптографии},
  volume={9},
  number={4},
  pages={5--30},
  year={2018},
  publisher={Математический институт им. ВА Стеклова Российской академии наук}
}





%%%% GENERAL CRYPTOGRAPHY BOOKS %%%%%

@book{pqcrypto,
  title={Post-quantum cryptography},
  author={Bernstein, Daniel J. and Buchmann, Johannes and Dahmen, Erik},
  year={2009},
  publisher={Springer Berlin, Heidelberg},
  doi = {https://doi.org/10.1007/978-3-540-88702-7}
}

% NONCOMMUTATIVE CRYPTO

@book{myasnikov2011non,
  title={Non-commutative cryptography and complexity of group-theoretic problems},
  author={Myasnikov, Alexei and Shpilrain, Vladimir and Ushakov, Alexander},
  year={2011},
  publisher={American Mathematical Soc.}
}

@book{romankov,
  title = {Алгебраическая криптология: монография},
  author = {Романьков, Виталий Анатольевич},
  year = {2020},
  publisher = {ОмГУ им. Ф. М. Достоевского}
}

@article{moldovyan,
  title={Новая концепция разработки постквантовых алгоритмов цифровой подписи на некоммутативных алгебрах},
  author={Молдовян, Дмитрий Николаевич and Молдовян, Александр Андреевич and Молдовян, Николай Андреевич},
  journal={Вопросы кибербезопасности},
  number={1 (47)},
  pages={18--25},
  year={2022},
  publisher={Акционерное общество <<Научно-производственное объединение <<Эшелон>>}
}

@article{nechaev95,
  title={Конечные квазифробениусовы модули, приложения к кодам и линейным рекуррентам},
  author={Нечаев, Александр Александрович},
  journal={Фундаментальная и прикладная математика},
  volume={1},
  number={1},
  pages={229--254},
  year={1995},
  publisher={Московский государственный университет имени М. В. Ломоносова}
}


@misc{preneel,
      author = {Christopher Wolf and Bart Preneel},
      title = {Taxonomy of Public Key Schemes based on the problem of Multivariate Quadratic equations},
      howpublished = {Cryptology ePrint Archive, Paper 2005/077},
      year = {2005},
      note = {\url{https://eprint.iacr.org/2005/077}},
      url = {https://eprint.iacr.org/2005/077}
}